@misc{ichiselaboratory,
    author    = "Ichise Laboratory",
    title     = "Advanced Driver Assistant System Ontology",
    url       = "http://ri-www.nii.ac.jp/ADAS/index.html"
}

@misc{automobileit,
    author    = "automobile.it",
    title     = "Cosa sono i sistemi di sicurezza ADAS?",
    url       = "https://www.automobile.it/magazine/come-funziona/adas-sistemi-avanzati-assistenza-guida-3382"
}

@misc{roadsignssignals,
    author    = "Wikipedia",
    title     = "Vienna Convention on Road Signs and Signals",
    url       = "https://en.wikipedia.org/wiki/Vienna_Convention_on_Road_Signs_and_Signals"
}

@misc{owlapicodeexample,
    author    = "Ignazio Palmisano",
    title     = "Programming with the OWL API",
    url       = "https://github.com/owlcs/owlapi/wiki/Documentation#programming-with-the-owl-api"
}

@misc{rdf,
    author    = "Antonella Carbonaro",
    title     = "Describing Web Resources in RDF",
    url       = "https://virtuale.unibo.it/course/view.php?id=6527"
}

@misc{rdfs,
    author    = "Antonella Carbonaro",
    title     = "RDF Schema",
    url       = "https://virtuale.unibo.it/course/view.php?id=6527"
}

@misc{owl,
    author    = "Antonella Carbonaro",
    title     = "Web Ontology Language: OWL",
    url       = "https://virtuale.unibo.it/course/view.php?id=6527"
}

@misc{swrl,
    author    = "Roberto Reda",
    title     = "Rules for Knowledge Representation and Reasoning in the Semantic Web",
    url       = "https://virtuale.unibo.it/course/view.php?id=6527"
}

@misc{hermit,
    author    = "Oxford University",
    title     = "HermiT OWL Reasoner - The New Kid on the OWL Block",
    url       = "http://www.hermit-reasoner.com/"
}