@online{Ichise Laboratory,
    author = "Ichise Laboratory",
    title = "Advanced Driver Assistant System Ontology",
    url  = "http://ri-www.nii.ac.jp/ADAS/index.html",
    keywords = "latex,knuth"
}

@online{Cosa sono i sistemi di sicurezza ADAS?,
    author = "automobile.it",
    title = "Cosa sono i sistemi di sicurezza ADAS?",
    url  = "https://www.automobile.it/magazine/come-funziona/adas-sistemi-avanzati-assistenza-guida-3382",
    addendum = "(accessed: 10.02.2020)",
    keywords = "latex,knuth"
}