@misc{ichiselaboratory,
    author    = "Ichise Laboratory",
    title     = "Advanced Driver Assistant System Ontology",
    url       = "http://ri-www.nii.ac.jp/ADAS/index.html"
}

@misc{automobileit,
    author    = "automobile.it",
    title     = "Cosa sono i sistemi di sicurezza ADAS?",
    url       = "https://www.automobile.it/magazine/come-funziona/adas-sistemi-avanzati-assistenza-guida-3382"
}

@misc{roadsignssignals,
    author    = "Wikipedia",
    title     = "Vienna Convention on Road Signs and Signals",
    url       = "https://en.wikipedia.org/wiki/Vienna_Convention_on_Road_Signs_and_Signals"
}